<?xml version="1.0" encoding="UTF-8"?><collection xmlns="http://www.loc.gov/MARC21/slim"><record><leader>00503nam--2200193-u-4500</leader><controlfield tag="001">000050398</controlfield><controlfield tag="002">20161230</controlfield><controlfield tag="005">20161230201048</controlfield><controlfield tag="008">070226s1000------------r-----000-0-eng-d</controlfield><datafield ind1=" " ind2=" " tag="020"><subfield code="a">0-19-514018-4</subfield></datafield><datafield ind1=" " ind2=" " tag="040"><subfield code="a">IFIN-HH</subfield></datafield><datafield ind1=" " ind2=" " tag="080"><subfield code="a">530.16:531.19</subfield></datafield><datafield ind1="1" ind2=" " tag="100"><subfield code="a">Zwanzig, Robert</subfield></datafield><datafield ind1="1" ind2="0" tag="245"><subfield code="a">Nonequilibrium Statistical Mechanics</subfield><subfield code="c">Robert Zwangig</subfield></datafield><datafield ind1=" " ind2=" " tag="260"><subfield code="a">Oxford</subfield><subfield code="b">University Press</subfield><subfield code="c">2001</subfield></datafield><datafield ind1=" " ind2=" " tag="300"><subfield code="a">222 p</subfield></datafield><datafield ind1=" " ind2="4" tag="650"><subfield code="a">Statistical Mechanics</subfield></datafield><datafield ind1=" " ind2=" " tag="852"><subfield code="c">530.161</subfield></datafield><datafield ind1=" " ind2=" " tag="CAT"><subfield code="a">Sys</subfield><subfield code="c">20101004</subfield><subfield code="h">124234</subfield></datafield></record></collection>